@Book{Bryson:1975,
  author    = "A.E. Bryson and Y.C. Ho",
  title     = "Applied Optimal Control",
  publisher = "Taylor and Francis (Hemisphere)",
  year      =  "2001",
  month     = "January",
  address   = "Levittown",
  isbn      = "9780891162285"
}
@Book{Stengel:1986,
  author    = "R.F. Stengel",
  title     = "Stochastic Optimal Control Theory and Application",
  publisher = "Wiley",
  year      =  "1986",
  month     = "January",
  address   = "New York",
}
@Book{Stengel:1994,
  author    = "R.F. Stengel",
  title     = "Optimal Control and Estimation",
  publisher = "Dover",
  year      =  "1994",
  address   = "New York",
}
@article{Gavalas,
  author = "W.H. Chen and G.R. Gavalas and M.L. Wasserman",
  title  = "A new algorithm for automatic history matching",
  journal = "SPE Journal",
  year = "1974",
  volume = "14",
  number = "6",
  pages = "593--608",
}
@article{Chavent,
  author = {G. Chavent and M. Dupuy and P. Lemonnier},
  title = {History Matching by Use of Optimal Control Theory},
  journal = {SPE Journal},
  volume = {15},
  year = {1975},
  pages = {74--86},
  issue = {1},
  doi = {10.2118/4627-PA},
  masid = {45368926},
}
@ARTICLE{Li,
  author =  "Ruijian Li and A.C. Reynolds and D.S. Oliver",
  title =      "History matching of three-phase flow production data",
  journal =    "SPE Journal",
  year =       "2003",
  month  =      "December",
  volume =     "8",
  number =      "4",
  pages =      "328--340",
  doi =        "10.2118/87336-PA",
}
@book{Oliver,
  author  = "D.S. Oliver and A.C. Reynolds and N. Liu",
  title   = "Inverse Theory for Petroleum Reservoir Characterization and History Matching",
  publisher = "Cambridge University Press",
  year    = "2008",
  address = "Cambridge",
}
@ARTICLE{Ramirez:1984I,
  author  = "W.F. Ramirez and Z. Fathi and J.L. Cagnol",
  title   = "Optimal injection policies for enhanced oil recovery: Part 1 - Theory and computational strategies",
  journal = "SPE Journal",
  year    = "1984",
  volume  = "24",
  number  = "3",
  pages   = "328 - 332",
}
@ARTICLE{Ramirez:1984II,
  author  = "Z. Fathi and W.F. Ramirez",
  title   = "Optimal injection policies for enhanced oil recovery: Part 2 - Surfactant flooding",
  journal = "SPE Journal",
  year    = "1984",
  volume  = "24",
  number  = "3",
  pages   = "333 - 341",
}

@Book{Ramirez:book,
  author = {W.F. Ramirez},
  title = {Application of Optimal Control Theory to Enhanced Oil Recovery},
  year = {1987},
  month = {June},
  address = "Amsterdam",
  Publisher = {Elsevier Science Ltd},
  isbn = {0444428356},
}
@ARTICLE{Ramirez:1989,
  author  = "G.J. Mehos and W.F. Ramirez",
  title   = "Use of optimal control theory to optimize carbon dioxide miscible-flooding enhanced oil recovery",
  journal = "Journal of Petroleum Science and Engineering",
  year    = "1989",
  volume  = "2",
  number  = "4",
  pages   = "247--260",
}
@ARTICLE{Ramirez:1993,
  author  = "W. Liu and W.F. Ramirez and Y.F. Qi",
  title   = "Optimal control of steam flooding",
  journal = "SPE Advanced Technology Series",
  year    = "1993",
  volume  = "1",
  number  = "2",
  pages   = "73--82",
}
@InProceedings{Virnovski,
  title = "Waterflooding strategy design using optimal control theory",
  booktitle = "6th European IOR Symposium",
  year = "1991",
  address = "Stavanger, Norway",
  author = "G.A. Virnovski",
  pages = "437--446",
}
@InProceedings{Zakirov,
author = "I.S. Zakirov and S.I. Aanonsen and E.S. Zakirov and B.M. Palatnik",
year = "1996",
title = "Optimization of reservoir performance by automatic allocation of well rates",
booktitle = {Proc. 5th European Conference on the Mathematics of Oil Recovery},
address = "Leoben, Austria",
}


@article{Sudaryanto:2000,
  author = "B. Sudaryanto and Y.C. Yortsos",
  title = "Optimization of fluid front dynamics in porous media using rate control",
  volume = "12",
  number = "7",
  journal = "Physics of Fluids",
  pages = "1656--1670",
  year = "2000",
}

@article{Brouwer:2004,
  title = "Dynamic optimization of water flooding with smart wells using optimal control theory",
  journal = "SPE Journal",
  volume = "9",
  number = "4",
  pages = "391-402",
  year = "2004",
  author = "D. R. Brouwer and Jan Dirk Jansen",
}
@article{Brouwer:2008,
  title = "Multiscale regularization of flooding optimization for smart field management",
  journal = "SPE Journal",
  volume = "13",
  number = "2",
  pages = "195-204",
  year = "2008",
  author = "M. Lien and D.R. Brouwer and T. Manseth and Jan Dirk Jansen",
}

@article{Pallav:2006,
  title = "Efficient real-time reservoir management using adjoint-based optimal control and model updating",
  volume = "10",
  number = "1",
  journal = "Computational Geosciences",
  pages = "3-36",
  year = "2006",
  author = "Pallav Sarma and Louis J. Durlofsky and  Khalid Aziz and  Wen H. Chen",
  doi    = "10.1007/s10596-005-9009-z",
}

@article{Pallav:2008,
  title = "Production optimization with adjoint models under nonlinear control-state path inequality constraints",
  volume = "11",
  number = "2",
  journal = "SPE Reservoir Evaluation and Engineering",
  pages = "326-339",
  year = "2008",
  author = "P. Sarma and W.H. Chen and  Louis .J. Durlofsky and K. Aziz",
}



@Book{Pironneau,
  author    = "Oliver Pironneau",
  title     = "Optimal Shape Design for Elliptic Systems",
  publisher = "Springer-Verlag",
  year      =  "1984",
  address   = "New-York",
  month     = "December",
  isbn      = "9780387120690"
}
@Article{Jameson:1988,
  author = {Antony Jameson},
  title = {Aerodynamic Design via Control Theory},
  journal = {Journal of Scientific Computing},
  year = {1988},
  volume = {3},
  number = {3},
  month = {September},
  pages = {233--260},
  doi = {10.1007/BF01061285},
}



@inproceedings{Jameson:1994,
  author = {Antony Jameson and James Reuther},
  booktitle = {Symposium on Multidisciplinary Analysis and Optimization},
  title = {Control theory based airfoil design using the {Euler} equations},
  pages = { 1 v. },
  year = { 1994 },
  month = {September},
  address = {Panama City Beach},
}

@Article{Jameson:2000,
  author = {Antony Jameson and Luigi Martinelli},
  title = {Aerodynamic shape optimization techniques based on control theory},
  journal = {Computational Mathematics Driven by Industrial Problems},
  year = {2000},
  volume = {1739},
  pages = {151--221},
  doi = {10.1007/BFb0103920},
}


@Article{Jameson:1998,
  author = {Antony Jameson and Luigi Martinelli and N.A. Pierce},
  title = {Optimum Aerodynamic Design Using the {Navier-Stokes} Equations},
  journal = {Theoretical and Computational Fluid Dynamics},
  year = {1998},
  volume = {10},
  pages = {213--238},
}

@inproceedings{Nadarajah:2000,
  author = {Siva Nadarajah and Antony Jameson},
  title = {A Comparison of the Continuous and Discrete Adjoint Approach to Automatic Aerodynamic Optimization},
  booktitle = {AIAA 38th Aerospace Sciences Meeting and Exhibit},
  year = { 2000 },
  month = {January},
  address = {Reno, NV},
}


@InProceedings{Kraaijevanger,
  author="Kraaijevanger, J.F.B.M. and Egberts, P.J.P. and Valstar, J.R. and Buurman, H.W.",
  year="2007",
  title="Optimal waterflood design using the adjoint method.",
  booktitle="Paper SPE 105764 presented at the SPE Reservoir Simulation Symposium", 
  address="Houston, USA",
  date="26-28 February",
  doi = "DOI: 10.2118/105764-MS",
}

@article{Cardoso:2010,
  title = "Linearized reduced-order models for subsurface flow simulation",
  journal = "Journal of Computational Physics",
  volume = "229",
  number = "3",
  pages = "681 - 700",
  year = "2010",
  issn = "0021-9991",
  doi = "DOI: 10.1016/j.jcp.2009.10.004",
  author = "M.A. Cardoso and L.J. Durlofsky",
}

@article{Wen:2006,
  title = "Efficient three-dimensional implementation of local-global upscaling for reservoir simulation",
  journal = "SPE Journal",
  volume = "11",
  pages = "443--453",
  year = "2006",
  author = "X.H. Wen, Y. Chen, L.J. Durlofsky",
}

@InProceedings{Yortsos,
  title = "Optimization of displacements in porous media using rate control",
  booktitle = "SPE Paper 71509 presented at the SPE Annual Technical Conference and Exhibition",
  year = "2001",
  author = "B. Sudaryanto and Y.C. Yortsos",
  address="New Orleans, LA",
}



@BOOK{Lake_book89,
  author = "L.W. Lake",
  title= "Enhanced Oil Recovery",
  publisher = "Prentice Hall, Englewood Cliffs",
  year = 1989
}

@BOOK{Voskov_PHD02,
  author = "D.V. Voskov",
  title= "Two-Phase Multicomponent Flows through Porous Media",
  publisher = "PhD Thesis, Gubkin Russian State Oil and Gas University",
  year = 2002
}

@ARTICLE{Sibson,
  author = "R. Sibson",
  title= "A brief description of natural neighbour interpolation",
  journal = "Interpreting Multivariate Data",
  year =  "1981",
  pages =  "21-36",
  publisher = "Chichester"
}



@inproceedings{shewchuk96a,
  author = {Jonathan Richard Shewchuk},
  title = {Robust {A}daptive {F}loating-{P}oint {G}eometric {P}redicates},
  booktitle = {Proceedings of the Twelfth Annual Symposium on Computational
    Geometry},
  publisher = {Association for Computing Machinery},
  pages = {141--150},
  month = may,
  year = 1996
}

@phdthesis{Choi2006,
  author = {Sou-Cheng Choi},
  title  = {Iterative Methods for Singular Linear Equations and Least-Squares Problems},
  school = {Stanford University, USA},
  year = 2006
}

@InProceedings{Smith:1992:ISA,
  author =       "Barry F. Smith",
  editor =       "Tony F. Chan and David E. Keyes and G{\'e}rard A.  Meurant and Jeffrey S. Scroggs and Robert G. Voigt",
  booktitle =    "Fifth International Symposium on Domain Decomposition Methods for Partial Differential Equations",
  title =        "An iterative substructuring algorithm for problems in three dimensions",
  publisher =    {SIAM},
  address =      {Philadelphia},
  pages =        "91--98 (of xiii + 623)",
  year =         "1992",
  ISBN =         "0-89871-288-2",
  LCCN =         "QA402.2 .I57 1991",
  bibdate =      "Mon Jul 11 14:09:33 MDT 1994",
  bibsource =    "ftp://ftp.math.utah.edu/pub/bibnet/authors/s/smith-barry-francis.bib",
  keyword =      "domain decomposition, iterative substructuring",
}

@article{Klaus1,
  author = {Olaf Schenk and Klaus G\"{a}rtner},
  title = {Solving unsymmetric sparse systems of linear equations with {PARDISO}},
  journal = {Future Gener. Comput. Syst.},
  volume = {20},
  number = {3},
  year = {2004},
  issn = {0167-739X},
  pages = {475--487},
  doi = {http://dx.doi.org/10.1016/j.future.2003.07.011},
  publisher = {Elsevier Science Publishers B. V.},
  address = {Amsterdam, The Netherlands, The Netherlands},
}
@Article{Klaus2,
  author = {O. Schenk and K. G\"{a}rtner},
  title = {On fast factorization pivoting methods for symmetric indefinite systems},
  journal = {Elec. Trans. Numer. Anal.},
  volume = {23},
  pages = {158--179},
  year = {2006},
}

@Article{SNOPT,
  AUTHOR = {Gill, Philip E.  and  Murray, Walter  and Saunders, Michael A.},
  TITLE = {{SNOPT}: An {SQP} algorithm for large-scale constrained optimization},
  JOURNAL = {SIAM Rev.},
  FJOURNAL = {SIAM Review. A Publication of the society for industrial and
    applied mathematics},
  PAGES = {99--131},
  NUMBER = {1},
  VOLUME = {47},
  YEAR = 2005
}



@techreport{GilMS06a,
  AUTHOR = {Gill, Philip E. and  Murray, Walter and Saunders, Michael A.},
  TITLE = {User's Guide for {SQOPT Version 7}: Software for large-scale
    linear and quadratic programming},
  INSTITUTION = {Department of Mathematics, University of California, San Diego},
  ADDRESS = {La Jolla, CA},
  TYPE = {Numerical Analysis Report},
  NUMBER = {06-1},
  YEAR = 2006
}



@InProceedings{Voskov_nonlinear:2009,
  author =  "D. V. Voskov and R. Younis and H. A. Tchelepi",
  title =   "Comparison of nonlinear formulations for isothermal compositional flow simulation",
  booktitle = "SPE paper 118966 presented at the SPE Reservoir Simulation Symposium",
  address   = {The Woodlands, Texas, USA},
  year =    "2009",
}

@article{Doublet:2009,
title = "An efficient method for smart well production optimisation",
journal = "Journal of Petroleum Science and Engineering",
year = "2009",
author = "D.C. Doublet and S.I. Aanonsen and X.C. Tai",
volume = "69",
number = "1--2",
pages = "25--39",
}


@article{Jansen:2011,
title = "Adjoint-based optimization of multi-phase flow through porous media - A review",
journal = "Computers \& Fluids",
volume = "46",
number = "1",
pages = "40 - 51",
year = "2011",
issn = "0045-7930",
doi = "10.1016/j.compfluid.2010.09.039",
author = "Jan Dirk Jansen",
}




@InProceedings{Aziz:1998,
  author = "K. Aziz and T.W. Wong",
  title= "Considerations in the Development of Multipurpose Reservoir Simulation Models",
  booktitle = "Proceedings of the 1st and 2nd International Forum on Reservoir Simulation",
  address = "Alpbach, Austria",
  year = "1988",
}

@InProceedings{Younis:2007,
  title     = {{Parallel automatically differentiable data-types for next-generation simulator development}},
  author    = "R.M. Younis and K. Aziz",
  booktitle = "SPE Paper 106493 presented at the SPE Reservoir Simulation Symposium",
  address   = {Houston, Texas},
  year      = "2007",
  doi       = "10.2118/106493-MS",
}

@article{Younis:2010,
  title     = {{Adaptively localized continuation-Newton method--Nonlinear solvers that converge all the time}},
  author    = "R.M. Younis and H.A. Tchelepi and K. Aziz",
  journal   = "SPE Journal",
  volume    = "15",
  number    = "2",
  year      = "2010",
  pages     = "526--544",
  note       = "SPE-119147-PA",
  doi       = "10.2118/119147-PA",
}

@Article{Asouti:2008,
  author = { V. G. Asouti and A. S. Zymaris and  D. I. Papadimitriou and  K. C. Giannakoglou},
  title = {Continuous and discrete adjoint approaches for aerodynamic shape optimization with low {Mach} number preconditioning},
  journal = {International Journal for Numerical Methods in Fluids},
  year = {2008},
  volume = {57},
  number = {10},
  pages = {1485--1504},
}
@Article{Jameson:2007,
  author = {Siva Nadarajah and Antony Jameson},
  title = {Optimum shape design for unsteady flows with time-accurate continuous and discrete adjoint methods},
  journal = {AIAA Journal},
  year = {2007},
  volume = {45},
  number = {7},
  month = {July},
  pages = {1478--1491},
  doi = {10.2514/1.24332},
}

@ARTICLE{MichelsenI,
  author = "M.L. Michelsen",
  title= "The isothermal flash problem: Part I. Stability",
  journal = "Fluid Phase Equilibria",
  year = "1982",
  volume = "9",
  number = "1",
  pages = "1--19",
}

@ARTICLE{MichelsenII,
  author = "M.L. Michelsen",
  title= "The isothermal flash problem: Part II. Phase-split calculation",
  publisher = "Fluid Phase Equilibria",
  year = "1982",
  volume = "9",
  number = "1",
  pages = "21--40",
}


@BOOK{Aziz_book79,
  author = "K. Aziz and A. Settari",
  title= "Petroleum Reservoir Simulation",
  publisher = "Applied Science Publishers",
  year = 1979,
  address = "London",
}
@BOOK{gprs,
  author = "GPRS",
  title= "Department of Energy Resources Engineering",
  publisher = "Stanford University",
  year = "2010",
}

@BOOK{Appleyard,
  author= "Eclipse",
  title = "Eclipse Technical Description 2005A",
  publisher = "Schlumberger",
  year = "2005",
}


@article{Waechter,
  author = {A. W\"{a}chter and L.T. Biegler},
  title = {On the Implementation of a Primal-Dual Interior Point Filter
    Line Search Algorithm for Large-Scale Nonlinear
      Programming},
  journal = {Mathematical Programming},
  volume = {106},
  number = {1},
  year = {2006},
  pages = {25--57},
}

@BOOK{IPOPT,
  author = "IPOPT",
  title= "Interior point optimization",
  publisher = "IBM",
  year = "2010",
}


@techreport{SNOPT7,
  AUTHOR = {Philip Gill and Walter Murray and Michael Saunders},
  TITLE = {User's Guide for {SNOPT 7.1}: a {Fortran} Package for Large-Scale
    Nonlinear Programming},
  ADDRESS = {La Jolla, CA},
  TYPE = {Numerical Analysis Report},
  NUMBER = {04-1},
  INSTITUTION = {Department of Mathematics, University of California, San Diego},
  YEAR = 2004
}


@article{Christie,
author = "M.A. Christie and M.J. Blunt",
title = "Tenth {SPE} comparative solution project: a comparison of upscaling techniques",
journal = "SPE Reservoir Evaluation and Engineering",
volume = "4",
number = "4",
pages = "308--317",
year = "2001",
}

@article{VanEssen,
author = "{Van  Essen G.} and Maarten Zandvliet and Paul {Van den Hof} and Okko Bosgra and Jan Dirk Jansen",
title = "Robust waterflooding optimization of multiple geological scenarios",
journal = "SPE Journal",
volume = "14",
number = "1",
pages = "202--210",
year = "2009",
doi="10.2118/102913-PA"
}

@misc{NorneWebsite,
  title={{Center of Integrated Operations in Petroleum Industry}}, 
  author={{NTNU (IO Center)}},
  howpublished={Website},
  year={2011},
  note={\url{www.ipt.ntnu.no/~norne}},
}


@book{Bertsekas,
  author="D. P. Bertsekas",
  title="Nonlinear Programming",
  publisher="Athena Scientific",
  year="1999",
}

@InProceedings{Asheim,
  title = "Maximization of water sweep efficiency by controlling
                  production and injection rates",
  booktitle = "SPE Paper 18365 presented at the SPE European Petroleum
                  Conference",
  address = "London, UK",
  year = "1988",
  month = "October",
  author = "H. Asheim",
}

@article{CPRA,
  title  = {Adaptation of the {CPR} preconditioner for efficient solution of the adjoint equation.},
  author = "Choongyong Han and John Wallis and Pallav Sarma and Gary Li and Mark L. Schrader and Wen Chen",
  journal= "SPE Journal",
  volume = "18",
  number = "2",
  pages  = "207--213",
  year   = "2013",
  doi    = "10.2118/141300-PA",
}


@article{Echeverria:2011,
author = "David {Echeverr\'ia Ciaurri} and Obi J. Isebor and Louis J. Durlofsky",
title = "Application of derivative-free methologies to generally constrained oil production optimisation problems",
journal = "International Journal of Mathematical Modelling and Numerical Optimisation",
volume = "2",
pages = "134--161",
year = "2011",
}

@book{Cao:Thesis,
  author="H. Cao",
  title="Development of techniques for general purpose simulators",
  publisher="Ph.D. thesis, Stanford University",
  year="2002",
}

@article{Coats:1980,
author = "K.H. Coats",
title = "An equation of state compositional model",
journal = "SPE Journal", 
volume = "20",
number="5",
pages = "363--376",
year = "1980",
}


@article{Voskov:2012,
author = "D.V. Voskov and H.A. Tchelepi",
title = "Comparison of nonlinear formulations for two-phase multi-component {EoS} based simulation",
journal = "Journal of Petroleum Science and Engineering",
volume = "82--83",
pages = "101--111",
year = "2012",
address   = {The Woodlands, Texas, USA},
doi  = "10.1016/j.petrol.2011.10.012",
}


@article{Young:1983,
author = "L.C. Young and R.E Stephenson",
title = "A generalized compositional approach for reservoir simulation",
journal = "Journal of Petroleum Science and Engineering",
volume = "23",
number = "5",
pages = "727--742",
year = "1983",
doi  = "10.2118/10516-PA",
}

@misc{BroG75b,
   AUTHOR      = {G. G. Brown and G. W. Graves},
   TITLE       = {Elastic Programming: A new approach to large-scale mixed-integer
                  optimization},
   NOTE        = {Presented at the presented at ORSA/TIMS meeting, 
                  Las Vegas, NV},
   MONTH       = {November},
   YEAR        = {1975}
}



@article{Hager2000,
year={2000},
issn={0029-599X},
journal={Numerische Mathematik},
volume={87},
number={2},
doi={10.1007/s002110000178},
title={{Runge-Kutta} methods in optimal control and the transformed adjoint system},
publisher={Springer-Verlag},
keywords={Mathematics Subject Classification (1991): 49M25, 65L06},
author={Hager, William W.},
pages={247-282},
}


@article{Walther2007,
year={2007},
issn={0926-6003},
journal={Computational Optimization and Applications},
volume={36},
number={1},
doi={10.1007/s10589-006-0397-3},
title={Automatic differentiation of explicit {Runge-Kutta} methods for optimal control},
publisher={Kluwer Academic Publishers},
keywords={Optimal control; Automatic differentiation; Sensitivity equation; Adjoint equation},
author={Walther, Andrea},
pages={83-108},
}

@techreport{Petra2011,
  AUTHOR = {Noemi Petra and  Georg Stadler},
  TITLE = {Model variational inverse problems governed by partial differential equations},
  TYPE = {ICES Report},
  NUMBER = {11-05},
  INSTITUTION = {{The Institute for Computational Engineering and Sciences, The University of Texas at Austin}},
  YEAR = {2011},
}


@book{GunzburgerBook,
  author="M.D. Gunzburger",
  title={{Perspectives in Flow Control and Optimization}},
  publisher="SIAM",
  year="2003",
}



@inproceedings{Montleau,
  title={Production optimization under constraints using adjoint gradients},
  author={De Montleau, P and Cominelli, A and Neylon, K and Rowan, D and Pallister, I and Tesaker, O and Nygard, I},
  booktitle={10th European Conference on the Mathematics of Oil Recovery},
  year={2006},
  date={04 September}
}

@article{Chen:2010,
    title={Ensemble-based closed-loop optimization applied to {B}rugge field},
    author={Chen, Yan and Oliver, Dean},
   journal={SPE Reservoir Evaluation \& Engineering},
   volume={13},
   number={1},
   pages={56--71},
   year={2010},
   publisher={Society of Petroleum Engineers}
}


@article{Chen:2012,
    title={Robust constrained optimization of short- and long-term net present value for closed-loop reservoir management},
    author={C. Li. Chen and A.C. Reynolds},
   journal={SPE Journal},
   volume={17},
   number={3},
   pages={849--864},
   year={2012},
   publisher={Society of Petroleum Engineers}
}


@article{Suwartadi:2012,
    title={Nonlinear output constraints handling for production optimization of oil reservoirs},
    author={E. Suwartadi and S. Krogstad and B. Foss},
   journal={Computational Geosciences},
   volume={16},
   pages={499--517},
   year={2012},
}




@Book{Jansen:book,
  author = {Jan Dirk Jansen},
  title = {{A Systems Description of Flow Through Porous Media}},
  year = {2013},
  Publisher = {SpringerBriefs in Earth Sciences},
  isbn = {978-3-319-00260-6}
}

@article{Wang:2009,
  title={Production optimization in closed-loop reservoir management},
  author={Wang, Chunhong and Li, Gaoming and Reynolds, Albert},
  journal={SPE Journal},
  volume={14},
  number={3},
  pages={506--523},
  year={2009},
  publisher={Society of Petroleum Engineers}
}


@article{Kourounis2014,
	Author = {Kourounis, Drosos and Durlofsky, Louis J. and Jansen, Jan Dirk and Aziz, Khalid},
	Doi = {10.1007/s10596-013-9385-8},
	Issn = {1420-0597},
	Journal = {Computational Geosciences},
	Keywords = {Adjoint formulation; Gradient-based optimization; Production optimization; Recovery optimization; Compositional reservoir simulation; Discrete adjoint; Continuous adjoint; Automatic differentiation; Nonlinear constraints; General constraints},
	Language = {English},
	Pages = {1-21},
	Publisher = {Springer Netherlands},
	Title = {Adjoint formulation and constraint handling for gradient-based optimization of compositional reservoir flow},
	Year = {2014},
}

@book{Wathen:book,
  title={{Finite Elements and Fast Iterative Solvers: with Applications in Incompressible Fluid Dynamics}},
  author={Elman, H.C. and Silvester, D.J. and Wathen, A.J.},
  isbn={9780191523786},
  series={Numerical Mathematics and Scientific Computation},
  year={2005},
  publisher={OUP Oxford}
}
